@article{smith2020example,
  author    = {John Smith},
  title     = {An Example Article},
  journal   = {Journal of Examples},
  year      = {2020},
  volume    = {42},
  number    = {7},
  pages     = {123-456},
  month     = {July},
  note      = {An optional note},
}

@book{doe2021example,
  author    = {Jane Doe},
  title     = {An Example Book},
  publisher = {Example Publisher},
  year      = {2021},
  address   = {Example City},
  edition   = {2nd},
  series    = {Examples in Context},
}

@inproceedings{miller2019example,
  author    = {Alice Miller},
  title     = {Proceedings Example},
  booktitle = {Proceedings of the Example Conference},
  year      = {2019},
  editor    = {Bob Brown},
  pages     = {789-1011},
  address   = {Conference City},
  month     = {August},
  organization = {Example Organization},
  publisher = {Conference Publisher},
}
