@article{Lorem,
   author = {Lorem ipsum},
   journal = {The Lorem Ipsum},
   title = {Lorem ipsum dolor sit amet},
   volume = {1},
   year = {2018},
}
