@article{dummy2024article,
  author    = {John Doe and Jane Smith},
  title     = {An Interesting Study on Something},
  journal   = {Journal of Interesting Studies},
  year      = {2024},
  volume    = {42},
  number    = {3},
  pages     = {123--145},
  publisher = {Academic Publishing Co.},
  doi       = {10.1234/jis.2024.5678}
}
@book{dummy2024book,
  author    = {Alice Johnson and Bob Brown},
  title     = {The Comprehensive Guide to Everything},
  year      = {2024},
  publisher = {Knowledge Press},
  address   = {New York, USA},
  edition   = {2nd},
  isbn      = {978-1-234-56789-0}
}
@inproceedings{dummy2024conference,
  author    = {Emily White and Robert Black},
  title     = {Exploring New Horizons in Research},
  booktitle = {Proceedings of the 2024 International Conference on Future Research},
  year      = {2024},
  pages     = {567--589},
  address   = {London, UK},
  publisher = {Tech Conferences Ltd.},
  doi       = {10.5678/icfr.2024.91011}
}
@misc{dummy2024website,
  author       = {Chris Green},
  title        = {Understanding the Future of Technology},
  year         = {2024},
  howpublished = {\url{https://www.futuretech.com/article}},
  note         = {Accessed: 2024-08-13}
}
@phdthesis{dummy2024thesis,
  author       = {Laura Blue},
  title        = {Innovative Approaches to Solving Problems},
  school       = {Prestigious University},
  year         = {2024},
  address      = {City, Country}
}
